<marc:record xmlns:marc="http://www.loc.gov/MARC21/slim"><marc:leader>01531nam a22001810a 45 0</marc:leader><marc:controlfield tag="001">306551</marc:controlfield><marc:controlfield tag="003">NL-AMISG</marc:controlfield><marc:controlfield tag="005">19950210234845.0</marc:controlfield><marc:controlfield tag="008">199502suuuuuuuu||||||||||||||||||||||| d</marc:controlfield><marc:datafield ind1=" " ind2=" " tag="035"><marc:subfield code="a">(IISG)IISGb10058399</marc:subfield></marc:datafield><marc:datafield ind1=" " ind2=" " tag="040"><marc:subfield code="a">NL-AmISG</marc:subfield></marc:datafield><marc:datafield ind1="1" ind2=" " tag="100"><marc:subfield code="a">Arvanitaki, G.</marc:subfield></marc:datafield><marc:datafield ind1="1" ind2="0" tag="245"><marc:subfield code="a">Sur la réponse des socialistes bulgares.</marc:subfield></marc:datafield><marc:datafield ind1=" " ind2=" " tag="260"><marc:subfield code="a">Genève :</marc:subfield><marc:subfield code="b">Impr. Hoch,</marc:subfield><marc:subfield code="c">1918.</marc:subfield></marc:datafield><marc:datafield ind1=" " ind2=" " tag="300"><marc:subfield code="a">23 p.</marc:subfield></marc:datafield><marc:datafield ind1=" " ind2=" " tag="690"><marc:subfield code="a">Bul 1340</marc:subfield><marc:subfield code="b">Bulgaria; social and political history; 1878 - 1944; social and political structure; social conditions, social groups; ethnic minorities</marc:subfield><marc:subfield code="c">Bulgarije; sociaalpolitieke geschiedenis; 1878; 1944; sociaalpolitieke structuur; sociale groepen; nationale minderheden.</marc:subfield></marc:datafield><marc:datafield ind1=" " ind2=" " tag="690"><marc:subfield code="a">Jug 220</marc:subfield><marc:subfield code="b">Yugoslavia; political history; Serbia 1804 - October 1918; Macedonian question; general</marc:subfield><marc:subfield code="c">Joegoslavië; politieke geschiedenis; afzonderlijke tijdvakken; Servië 1804 - oktober 1918; bijzondere onderwerpen; het Macedonische vraagstuk; algemeen.</marc:subfield></marc:datafield><marc:datafield ind1=" " ind2=" " tag="690"><marc:subfield code="a">Gr 1340</marc:subfield><marc:subfield code="b">Greece; social and political history; 1829 - 1944; social and political structure; social conditions, social groups; national minorities, ethnic groups</marc:subfield><marc:subfield code="c">Griekenland; sociaalpolitieke geschiedenis; 1829 - 1944; sociaal- politieke structuur; sociale groepen; nationale minderheden.</marc:subfield></marc:datafield><marc:datafield ind1=" " ind2=" " tag="690"><marc:subfield code="a">Gr 1600</marc:subfield><marc:subfield code="b">Greece; social and political history; 1829 - 1944; social dynamics; social ideas and movements; social and political ideologies, political parties; social democracy</marc:subfield><marc:subfield code="c">Griekenland; sociaalpolitieke geschiedenis; 1829 - 1944; sociale dynamiek; sociale ideeën en bewegingen; sociaal-politieke ideologieën en politieke partijen; sociaal-democratie.</marc:subfield></marc:datafield><marc:datafield ind1=" " ind2=" " tag="852"><marc:subfield code="a">IISG</marc:subfield><marc:subfield code="b">IISG</marc:subfield><marc:subfield code="c">IISG</marc:subfield><marc:subfield code="j">51/353</marc:subfield><marc:subfield code="p">N10057770</marc:subfield></marc:datafield><marc:datafield ind1=" " ind2=" " tag="901"><marc:subfield code="a">306551</marc:subfield><marc:subfield code="b">Unknown</marc:subfield><marc:subfield code="c">306551</marc:subfield><marc:subfield code="t">biblio</marc:subfield></marc:datafield><marc:datafield ind1=" " ind2=" " tag="902"><marc:subfield code="a">10622/97940925-FEF2-4E5D-B511-42BDF2ACB996</marc:subfield></marc:datafield></marc:record>